<record><leader>00000cas a22000007a 4500</leader><controlfield tag="001">15530262</controlfield><controlfield tag="008">870414d185u186upauwr ne      0    0eng d</controlfield><datafield ind1=" " ind2=" " tag="010"><subfield code="a">sn 88086100 </subfield></datafield><datafield ind1=" " ind2=" " tag="040"><subfield code="a">NPH</subfield><subfield code="b">eng</subfield><subfield code="c">NPH</subfield><subfield code="d">NPV</subfield><subfield code="d">NPH</subfield><subfield code="d">CNK</subfield><subfield code="d">OCLCQ</subfield></datafield><datafield ind1=" " ind2=" " tag="042"><subfield code="a">msc</subfield></datafield><datafield ind1="0" ind2="0" tag="245"><subfield code="a">Conneautville weekly courier.</subfield></datafield><datafield ind1="1" ind2="7" tag="246"><subfield code="a">Conneautville courier</subfield></datafield><datafield ind1=" " ind2=" " tag="260"><subfield code="a">Conneautville, Crawford County, Pa. :</subfield><subfield code="b">G.W. Brown</subfield></datafield><datafield ind1=" " ind2=" " tag="300"><subfield code="a">v. ;</subfield><subfield code="c">55 cm.</subfield></datafield><datafield ind1=" " ind2=" " tag="310"><subfield code="a">Weekly</subfield></datafield><datafield ind1=" " ind2=" " tag="588"><subfield code="a">Description based on: Vol. 7, no. 1 (Jan. 4, 1854).</subfield></datafield><datafield ind1=" " ind2=" " tag="752"><subfield code="a">United States</subfield><subfield code="b">Pennsylvania</subfield><subfield code="c">Crawford</subfield><subfield code="d">Conneautville.</subfield></datafield><datafield ind1="0" ind2="0" tag="780"><subfield code="t">Conneautville courier (Conneautville, Pa. : 1847)</subfield><subfield code="w">(DLC)sn 86081805</subfield></datafield><datafield ind1="0" ind2="0" tag="785"><subfield code="t">Weekly courier (Conneautville, Pa.)</subfield><subfield code="w">(DLC)sn 86053348</subfield></datafield></record>